<collection xmlns="http://www.loc.gov/MARC21/slim"><record><leader>00752nam  2200241   450</leader><controlfield tag="001">674</controlfield><controlfield tag="003">http://montalegre.opacnet.com/OPAC/default.aspx?ContentAreaControl=ShowRegHoldings.ascx&amp;RegNo=16662</controlfield><controlfield tag="005">20</controlfield><datafield tag="021" ind1=" " ind2=" "><subfield code="a">PT</subfield><subfield code="b">16364/87</subfield></datafield><datafield tag="095" ind1=" " ind2=" "><subfield code="a">PTBN00322670</subfield></datafield><datafield tag="100" ind1=" " ind2=" "><subfield code="a">19881021d1987    d  y0pora010305  ba</subfield></datafield><datafield tag="101" ind1="0" ind2=" "><subfield code="a">por</subfield></datafield><datafield tag="102" ind1=" " ind2=" "><subfield code="a">PT</subfield><subfield code="b">Porto</subfield></datafield><datafield tag="200" ind1="1" ind2=" "><subfield code="a">&lt;A &gt;roda que saiu dos eixos</subfield><subfield code="f">Arsénio Mota</subfield><subfield code="g">il. Luísa Brandäo</subfield></datafield><datafield tag="210" ind1=" " ind2=" "><subfield code="a">Porto</subfield><subfield code="c">Asa</subfield><subfield code="d">1987</subfield></datafield><datafield tag="215" ind1=" " ind2=" "><subfield code="a">36 p.</subfield><subfield code="c">il.</subfield><subfield code="d">21 cm</subfield></datafield><datafield tag="225" ind1="2" ind2=" "><subfield code="a">Asa juvenil</subfield><subfield code="v">37</subfield></datafield><datafield tag="675" ind1=" " ind2=" "><subfield code="a">82-93</subfield><subfield code="v">bn</subfield><subfield code="z">por</subfield></datafield><datafield tag="700" ind1=" " ind2="1"><subfield code="a">Mota</subfield><subfield code="b">Arsénio</subfield><subfield code="f">1930-</subfield></datafield><datafield tag="702" ind1=" " ind2="1"><subfield code="a">Brandão</subfield><subfield code="b">Luísa</subfield><subfield code="4">440</subfield></datafield><datafield tag="801" ind1=" " ind2="0"><subfield code="a">PT</subfield><subfield code="b">Biblioteca Municipal de Montalegre</subfield><subfield code="g">RPC</subfield></datafield><datafield tag="856" ind1=" " ind2=" "><subfield code="u">locateMedia.asp?cod=20060524143604&amp;ext=jpg</subfield><subfield code="z">CAPA</subfield></datafield><datafield tag="909" ind1="&#9;" ind2=" "><subfield code="a">2</subfield></datafield><datafield tag="966" ind1=" " ind2=" "><subfield code="a">0001512</subfield><subfield code="l">BMM</subfield><subfield code="s">SI 82-93 MOT rod 37</subfield></datafield><datafield tag="966" ind1=" " ind2=" "><subfield code="a">1003395</subfield><subfield code="l">BEM</subfield><subfield code="s">BEM 82-93 MOT</subfield></datafield></record></collection>